@article{Allhoff2009,
	author = {Fritz Allhoff and Patrick Lin and James Moor and John Weckert},
	title = {Ethics of Human Enhancement: 25 Questions \& Answers},
	journal = {US National Science Foundation},
	year = 2009,
	month = aug,
}

@article{Bostrom2008Eth,
	author = {Nick Bostrom and Rebecca Roache},
	title = {Ethical Issues in Human Enhancement},
	journal = {New Waves in Applied Ethics},
	year = 2008,
	pages = {120--152},
}

@article{Galvan2011,
	author = {José M. Galván and Rocci Luppicini},
	title = {Conversation on Technoethics and Cyborgs},
	journal = {IEEE Pulse},
	doi = {10.1109/mpul.2010.939602},
	year = 2011,
	month = feb,
	pages = {12--17},
}

@article{Guibilini2015,
	author = {Alberto Guibilini and Sagar Sanyal},
	title = {The Ethics of Human Enhancement},
	journal = {Philosophy Compass},
	publisher = {John Wiley \& Sons Ltd},
	volume = 10,
	number = 4,
	doi = {10.1111/phc3.12208},
	year = 2015,
	pages = {233--243},
}

@article{Herr2012,
	author = {Hugh Herr and Alena Grabowski},
	title = {Bionic ankle-foot prosthesis normalizes walking gait for persons with leg amputation},
	journal = {Biological Sciences},
	doi = {10.1098/rspb.2011.1194},
	year = 2012,
	month = jul,
	pages = {457--464},
	lastchecked = {November 2, 2018},
	url = {http://www.jstor.org.proxy.lib.sfu.ca/stable/41412001},
}

@article{Heilinger2014,
        author = {Jan-Christoph Heilinger},
        title = {Anthropological Arguments in the Ethical Debate about Human Enhancement},
        journal = {Humana.Mente Journal of Philosophical Studies},
        year = 2014,
        volume = 26,
        pages = {95--116},
}

@article{Moore2005,
	author = {Linda Weaver Moore and Linda S. Rieg"},
	title = {The Ethics of Using Cybernetics and Cyborg Technologies: What Every Rehabilitation Nurse Should Know},
	journal = {Rehabilitation Nursing},
	volume = 30,
	number = 2,
	year = 2005,
	month = apr,
}

@article{Roduit2015,
	author = {Johann A. R. Roduit and Jan-Christoph Heilinger and Holger Baumann},
	title = {Ideas of Perfection and the Ethics of Human Enhancement},
	journal = {Bioethics},
	publisher = {John Wiley \& Sons Ltd},
	doi = {10.1111/bioe.12192},
	pages = {622--630},
	volume = {29},
	number = {9},
	year = 2015,
}

@book{Bostrom2008Phuman,
	author = {Nick Bostrom},
	title = {Why I Want to be a Posthuman when I Grow Up},
	booktitle = {Medical Enhancement and Posthumanity},
	chapter = 7,
	publisher = {Springer Science and Business Media},
	year = 2008,
	pages = {107--136},
}

@book{Clarke2016,
	author = {Steve Clarke and Julian Savulescu and Tony Coady and Alberto Giubilini and Sagar Sanyal},
	title = {The Ethics of Human Enhancement: Understanding the Debate},
	publisher = {Oxford Scholarship Online},
	doi = {10.1093/acprof:oso/9780198754855.001.0001},
	year = 2016,
	month = oct,
	day = 20,
}

@book{Coates2008,
	author = {Thomas D. Coates},
	title = {Neural Interfacing: Forging the Human-Machine Connection},
	publisher = {Morgan \& Claypool},
	year = 2008,
}

@techreport{MyHealth2017,
	author = {{\bibcorporate{MyHealth Alberta}}},
	title = {Substance Use: Common Drugs},
	year = 2017,
	month = jul,
	lastchecked = {November 3, 2018},
	url = {https://myhealth.alberta.ca/Alberta/Pages/Substance-use-ritalin.aspx},
}

@misc{Eidos2011,
	author = {{\bibcorporate{Eidos Montr\'eal}}},
	title = {Deus Ex: Human Revolution},
	publisher = {Square Enix},
	type = {Software game},
	year = 2011,
	month = aug,
}

@misc{Lyne1990,
	author = {Adrian Lyne},
	title = {Jacob's Ladder},
	publisher = {Carolco Pictures},
	type = {Movie},
	year = 1990,
	month = nov,
}
