@article{Blakers2015,
	author = {Andrew Blakers},
	title = {Sustainable energy options},
	journal = {Asian Perspective},
	volume = 39,
	number = 4,
	pages = {559--589},
	year = 2015,
}

@misc{IPCC2014,
	author = {\bibcorporate{Intergovernmental Panel on Climate Change (IPCC)}},
	title = {Fifth Assessment Report (AR5) 2014: Mitigation of Climate Change},
	institution = {\bibcorporate{Intergovernmental Panel on Climate Change}},
	year = 2014,
}

@article{Maji2015,
	author = {Ibrahim Kabiru Maji},
	title = {Does clean energy contribute to economic growth? Evidence from Nigeria},
	journal = {Energy Reports},
	volume = 1,
	number = {C},
	pages = {145--150},
	url = {https://www.sciencedirect.com/science/article/pii/S2352484715000232.},
	year = 2015,
}

@article{Movellan2015,
	author = {Junko Movellan},
	title = {Tokyo's Renewable Energy Transformation To Be Showcased in the 2020 Olympics},
	journal = {Renewable Energy World},
	url = {https://www.renewableenergyworld.com/2015/06/17/tokyo-s-renewable-energy-transformation-to-be-showcased-in-the-2020-olympics/},
	year = 2015,
}

@article{Mroczek2014,
	author = {Bożena Mroczek and Donata Kurpas},
	title = {Social Attitudes towards Wind Farms and other Renewable Energy Sources in Poland},
	journal = {Medycyna Środowiskowa},
	volume = 17,
	number = 4,
	pages = {19--28},
	year = 2014,
}

@misc{Pachauri2014,
	author = {Rajendra Pachauri and Leo Meyer},
	title = {Climate Change 2014: Synthesis Report. Contribution of Working Groups I, II and III to the Fifth Assessment Report of the Intergovernmental Panel on Climate Change},
	institution = {Intergovernmental Panel on Climate Change, Geneva, Switzerland},
	year = 2014,
}

@article{Pao2014,
	author = {Hsiao-Tien Pao and Yi-Ying Li and Hsin-Chia Fu},
	title = {Clean energy, non-clean energy, and economic growth in the MIST countries},
	journal = {Energy Policy},
	volume = 67,
	number = {C},
	pages = {932--942},
}

@article{Pesch2019,
	author = {Udo Pesch and Wouter Spekkink and Jaco Quist},
	title = {Local sustainability initiatives: innovation and civic engagement in societal experiments},
	journal = {European Planning Studies},
	volume = 27,
	number = 2,
	pages = {300--317},
	doi = {10.1080/09654313.2018.1464549},
	url = {https://www.tandfonline.com/doi/full/10.1080/09654313.2018.1464549},
	year = 2019,
}

@article{Sakamoto2008,
	author = {Noriko Sakamoto},
	title = {Environmentally Sustainable Transport (EST) Efforts Spreading in Japan},
	journal = {Japan for Sustainability},
	url = {https://www.japanfs.org/en/news/archives/news_id027843.html},
	year = 2008,
}

@book{Subhash2016,
	author = {Mohammad Rasul and Abul kalam Azad and Subhash Sharma},
	title = {Clean Energy for Sustainable Development: Comparisons and Contrasts of New Approaches},
	publisher = {Elsevier Science},
	year = 2016,
}

@misc{UNcities,
	author = {\bibcorporate{United Nations}},
	title = {Cities - United Nations Sustainable Development},
	publisher = {United Nations},
	url = {www.un.org/sustainabledevelopment/cities/},
}

@inproceedings{UN2015,
	author = {\bibcorporate{United Nations}},
	title = {Resolution adopted by the General Assembly on 25 September 2015},
	journal = {},
	publisher = {United Nations General Assembly},
	url = {https://www.un.org/ga/search/view_doc.asp?symbol=A/RES/70/1&Lang=E},
	year = 2015,
}

@misc{USAID,
	author = {\bibcorporate{U.S. Agency for International Development (USAID)}},
	title = {Sustainable Urbanization for Global Progress and Security},
	publisher = {U.S. Agency for International Development},
	url = {www.usaid.gov/urban},
	year = 2017,
	month = jul,
	day = 14,
}

@article{Lisa2016,
	author = {Lisa Westerhoff},
	title = {Emerging Narratives of a Sustainable Urban Neighbourhood: The Case of Vancouver’s Olympic Village},
	journal = {Journal of Urban Research},
	volume = 14,
	number = 14,
	url = {https://journals.openedition.org/articulo/2974},
	year = 2016,
	month = oct,
	day = 29,
}

@misc{Virtuoso2018,
	author = {\bibcorporate{Virtuoso Energy}},
	title = {2020 Olympics Powered by Renewable Energy},
	publisher = {Virtuoso Energy},
	url = {https://www.virtuosoenergy.com/renewable-energy-2020-olympics},
	year = 2018,
}
