@article{Benabid2019,
	title = {An Exoskeleton Controlled by an Epidural Wireless Brain–Machine Interface in a Tetraplegic Patient: a Proof-of-Concept Demonstration.},
	author = {Alim Louis Benabid and Thomas Costecalde and Andrey Eliseyev and Guillaume Charvet and Alexandre Verney and Serpil Karakas and Michael Foerster and Aurélien Lambert and Boris Morinière and Neil Abroug and Marie-Caroline Schaeffer and Alexandre Moly and Fabien Sauter-Starace and David Ratel and Cecile Moro and Napoleon Torres-Martinez and Lilia Langar and Manuela Oddoux and Mircea Polosan and Stephane Pezzani and Vincent Auboiroux and Tetiana Aksenova and Corinne Mestais and Stephan Chabardes},
	journal = {The Lancet Neurology},
	doi = {doi:10.1016/s1474-4422(19)30321-7},
	year = 2019,
	month = oct,
	day = 3,
	url = {https://www.thelancet.com/journals/laneur/article/PIIS1474-4422(19)30321-7/},
}

@article{Isobarista2018,
	title = {Extreme Bionics: The Future of Human Ability},
	author = {Isobarista},
	journal = {Isobar: The Squeeze},
	type = {Website},
	year = 2018,
	month = mar,
	day = 14,
	url = {https://squeeze.isobar.com/2018/03/14/extreme-bionics-future-human-ability/},
}

@article{Gopura2016,
	title = {Developments in hardware systems of active upper-limb exoskeleton robots: A review},
	author = {R. A. R. C. Gopura and D. S. V. Bandara and Kazuo Kiguchi and George Kingsly Indrarajan Mann},
	journal = {Robotics And Autonomous Systems},
	pages = {203--220},
	volume = 75,
	doi = {10.1016/j.robot.2015.10.001},
	year = 2016,
	month = jan,
	url = {https://dl.acm.org/doi/10.1016/j.robot.2015.10.001},
}

@misc{Army2019,
	title = {Secret weapons and new military equipment unveiled by French Army},
	author = {Army Recognition},
	type = {Website},
	year = 2019,
	month = jul,
	day = 25,
	lastchecked = {November 27, 2019},
	url = {https://www.armyrecognition.com/weapons_defence_industry_military_technology_uk/secret_weapons_and_new_military_equipment_unveiled_by_french_army.html},
}

@misc{Lieu2018,
	title = {Planning a Trailer Campaign Part 4 of 5 - Deus Ex: Human Revolution},
	author = {Derek Lieu},
	type = {Image},
	year = 2018,
	month = aug,
	day = 5,
	lastchecked = {November 29, 2019},
	url = {https://www.derek-lieu.com/blog/2018/7/17/planning-a-trailer-campaign-part-4-of-5-deus-ex-human-revolution},
}

@article{Gibson2017,
	author = {Gibson, Rebecca},
	year = {2016},
	month = {10},
	pages = {224-246},
	title = {More Than Merely Human: How Science Fiction Pop-Culture Influences Our Desires for the Cybernetic},
	volume = {21},
	journal = {Sexuality \& Culture},
	doi = {10.1007/s12119-016-9391-9}
}

@article{Evelith2012,
	title = {Should Oscar Pistorius's Prosthetic Legs Disqualify Him from the Olympics?},
	author = {Evelith, Rose},
	journal = {Scientific American},
	pages = {1--2},
	volume = 3,
	issue = 4,
	type = {Website},
	year = 2012,
	month = jul,
	day = 24,
	url = {https://www.scientificamerican.com/article/scientists-debate-oscar-pistorius-prosthetic-legs-disqualify-him-olympics/},
}

@article{Niedringhaus2012,
	title = {South Africa's Oscar Pistorius competes in the men's 400-metre athletics semi-final in the Olympic Stadium at the 2012 London Games},
	author = {Anja Niedringhaus},
	journal = {The Guardian},
	pages = {1--2},
	volume = 3,
	issue = 4,
	type = {Website},
	year = 2012,
	month = aug,
	day = 4,
	url = {https://www.theguardian.com/media/gallery/2014/apr/04/the-work-of-killed-ap-photographer-anja-niedringhaus-in-pictures},
}

@article{Weyand2009,
	title = {The fastest runner on artificial legs: different limbs, similar function?},
	author = {Peter G. Weyand and Matthew W. Bundle and Craig P. McGowan and Alena Grabowski and Mary Beth Brown and Rodger Kram and Hugh Herr},
	journal = {American Physiological Society Journal of Applied Physiology},
	doi = {10.1152/japplphysiol.00174.2009},
	type = {Website},
	year = 2009,
	month = sep,
	day = 1,
}

@inproceedings{Marchesi2013,
title = {BRAVO: a brain virtual operator for education exploiting brain-computer interfaces},
	author = {Marchesi, Marco and Riccò, Bruno},
	pages = {3091--3094},
	year = {2013},
	month = {4},
	pages = {},
	doi = {10.1145/2468356.2479618}
}

@article {Clites2018,
	author = {Clites, Tyler R. and Carty, Matthew J. and Ullauri, Jessica B. and Carney, Matthew E. and Mooney, Luke M. and Duval, Jean-Fran{\c c}ois and Srinivasan, Shriya S. and Herr, Hugh. M.},
	title = {Proprioception from a neurally controlled lower-extremity prosthesis},
	volume = {10},
	number = {443},
	elocation-id = {eaap8373},
	year = {2018},
	doi = {10.1126/scitranslmed.aap8373},
	publisher = {American Association for the Advancement of Science},
	issn = {1946-6234},
	URL = {https://stm.sciencemag.org/content/10/443/eaap8373},
	eprint = {https://stm.sciencemag.org/content/10/443/eaap8373.full.pdf},
	journal = {Science Translational Medicine}
}
