@article{Boccaletti2008,
	title = {A non-invasive biopotential electrode for the correct detection of bioelectrical currents},
	author = {Chiara Boccaletti and F. Castrica and Gianluca Fabbri and Marco Santello},
	journal = {Proceedings of the 6th IASTED International Conference on Biomedical Engineering},
	publisher = {BioMED},
	pages = {353--358},
	year = 2008,
	month = feb,
	lastchecked = {February 9, 2015},
	url = {https://asu.pure.elsevier.com/en/publications/a-non-invasive-biopotential-electrode-for-the-correct-detection-o},
}

@article{Knapton2014,
	title = {Mind-reading device invented by scientists to eavesdrop on `inner voice'},
	author = {Sarah Knapton},
	journal = {The Telegraph},
	year = 2014,
	month = oct,
	url = {http://www.telegraph.co.uk/news/science/science-news/11199031/Mind-reading-device-invented-by-scientists-to-eavesdrop-on-inner-voice.html},
}

@article{Knapton2016,
	title = {Brain damaged violinist makes music for first time in 27 years with mind-reading technology},
	author = {Sarah Knapton},
	journal = {The Telegraph},
	year = 2016,
	month = feb,
	url = {http://www.telegraph.co.uk/news/science/science-news/12143243/Brain-damaged-violinist-plays-for-first-time-in-16-years-using-mind-reading-technology.html},
}

@article{Sonn1974,
	title = {A prototype flexible microelectrode array for implant-prosthesis applications},
	author = {Martin Sonn and Wolfgang M. Feist},
	journal = {Medical and biological engineering},
	volume = {12},
	issue = {6},
	pages = {778-791},
	year = 1974,
	url = {https://link.springer.com/article/10.1007/BF02477445},
}

@article{Stoller2015,
	title = {Controlling a Robotic Arm with a Patient's Intentions},
	author = {Jessica Stoller-Conrad},
	journal = {Caltech},
	year = 2015,
	month = may,
	url = {https://www.caltech.edu/news/controlling-robotic-arm-patients-intentions-46786},
}

@article{Suguwara2011,
	title = {A Glass Capillary-Based Microsensor for L-Glutamate in in Vitro Uses},
	author = {Masao Sugawara and Atushi Shoji},
	journal = {IntechOpen},
	year = 2012,
	url = {https://www.semanticscholar.org/paper/A-Glass-Capillary-based-Microsensor-for-L-Glutamate-Sugawara-Shoji/9dd0119418392f09f67baf927e54abb623e9b6c2},
}

@book{Montenegro1991,
	title = {Microelectrodes: Theory and Applications},
	author = {Irene Montenegro and M. Arlete Queir√≥s and John L. Daschbach},
	publisher = {Springer Science + Business Media},
	doi = {10.1007/978-94-011-3210-7},
	volume = {197},
	year = 1991,
	month = may,
	url = {https://books.google.ca/books?id=4lXtCAAAQBAJ&lpg=PA5&pg=PA2#v=onepage&q&f=false}
}

@misc{BASinc,
	title = {FAQ: EC Electrodes},
	author = {{\bibcorporate{BASinc (Bioanalytical Systems)}}},
	lastchecked = {February 9, 2015},
	url = {https://www.basinc.com/products/ec/faqele.html},
}

@misc{Classroom,
	title = {Visible Light and the Eye's Response},
	publisher = {The Physics Classroom},
	type = {Website},
	lastchecked = {February 9, 2015},
	url = {http://www.physicsclassroom.com/Class/light/u12l2b.cfm},
}

@misc{Eidos2011,
	title = {Deus Ex: Human Revolution},
	author = {{\bibcorporate{Eidos Montr\'eal}}},
	publisher = {Square Enix},
	type = {Software game},
	year = 2011,
	month = aug,
}

@misc{McMahon2016,
	title = {What is a Microelectrode?},
	author = {Mary McMahon},
	publisher = {wiseGeek},
	year = 2016,
	type = {Website},
	url = {https://www.wisegeek.com/what-is-a-microelectrode.htm},
}

@misc{Unisense,
	title = {Redox Electrode},
	author = {Unisense},
	type = {Website},
	lastchecked = {February 9, 2015},
	url = {http://www.unisense.com/Redox},
}