@article{Title1,
	title = {TITLE},
	author = {AUTHOR},
	journal = {JOURNAL},
	pages = {1--2},
	volume = 3,
	issue = 4,
	publisher = {PUBLISHER},
	doi = {DOI},
	type = {Website},
	year = 2000,
	month = jan,
	day = 1,
	url = {URL},
}

@misc{Title2,
	title = {TITLE},
	author = {AUTHOR},
	type = {Website},
	year = 2000,
	month = jan,
	day = 1,
	lastchecked = {January 1, 2000},
	url = {URL},
}
