@article{Linthicum2016,
	title = {Practical Use of Microservices in Moving Workloads to the Cloud},
	author = {David Linthicum},
	journal = {IEEE Cloud Computing},
	pages = {6--9},
	volume = 3,
	issue = 5,
	publisher = {IEEE},
	year = 2016,
	month = nov,
	day = 11,
	url = {http://ieeexplore.ieee.org.proxy.lib.sfu.ca/document/7742277/},
}

@article{Thanh2016,
	title = {Embedding security and privacy into the development and operation of cloud applications and services},
	author = {Tran Quang Thanh and Stefan Covaci and Thomas Magedanz and Panagiotis Gouvas and Anastasios Zafeiropoulos},
	journal = {2016 17th International Telecommunications Network Strategy and Planning Symposium (Networks)},
	pages = {31--36},
	publisher = {IEEE},
	doi = {10.1109/NETWKS.2016.7751149},
	type = {Website},
	year = 2016,
	month = sep,
	day = 28,
	url = {http://ieeexplore.ieee.org.proxy.lib.sfu.ca/document/7751149/},
}

@misc{Lewis2014,
	title = {Microservices - a definition of this new architectural term},
	author = {James Lewis and Martin Fowler},
	type = {Website},
	year = 2014,
	month = mar,
	day = 25,
	url = {https://martinfowler.com/articles/microservices.html},
}

@misc{NHS2017,
	title = {UPDATED Statement on reported NHS cyber-attack (13 May)},
	author = {National Health Service Digital},
	type = {Website},
	year = 2017,
	month = may,
	day = 12,
	lastchecked = {June 15, 2017},
	url = {https://digital.nhs.uk/services/data-security-centre/data-security-centre-latest-news/updated-statement-on-reported-nhs-cyber-attack-13-may},
}